<?xml version="1.0" encoding="UTF-8"?>
<record>
  <leader>01939nam#a2200433#cb4500</leader>
  <controlfield tag="003">DE-605</controlfield>
  <controlfield tag="005">20230714111137.0</controlfield>
  <controlfield tag="007">cr#|||||||||||</controlfield>
  <controlfield tag="008">181016|2018####gw #####ot####|||#|#ger#c</controlfield>
  <controlfield tag="001">990226465800206441</controlfield>
  <datafield tag="016" ind1="7" ind2=" ">
    <subfield code="a">1076035765</subfield>
    <subfield code="2">OCoLC</subfield>
  </datafield>
  <datafield tag="035" ind1=" " ind2=" ">
    <subfield code="a">(DE-605)HT019838800</subfield>
  </datafield>
  <datafield tag="040" ind1=" " ind2=" ">
    <subfield code="a">98</subfield>
    <subfield code="b">ger</subfield>
    <subfield code="c">DE-605</subfield>
    <subfield code="d">DE-605</subfield>
    <subfield code="e">rda</subfield>
  </datafield>
  <datafield tag="041" ind1=" " ind2=" ">
    <subfield code="a">ger</subfield>
  </datafield>
  <datafield tag="044" ind1=" " ind2=" ">
    <subfield code="c">XA-DE</subfield>
  </datafield>
  <datafield tag="082" ind1="0" ind2=" ">
    <subfield code="a">630</subfield>
  </datafield>
  <datafield tag="100" ind1="1" ind2=" ">
    <subfield code="a">Zell-Ziegler, Carina</subfield>
    <subfield code="0">(DE-588)1142549178</subfield>
    <subfield code="4">aut</subfield>
    <subfield code="0">https://portal.dnb.de/opac.htm?method=simpleSearch&amp;cqlMode=true&amp;query=idn=1142549178</subfield>
    <subfield code="0">http://viaf.org/viaf/sourceID/DNB|1142549178</subfield>
    <subfield code="B">GND-1142549178</subfield>
    <subfield code="B">GND-1142549178</subfield>
  </datafield>
  <datafield tag="245" ind1="1" ind2="0">
    <subfield code="a">Mit Suffizienz mehr Klimaschutz modellieren</subfield>
    <subfield code="b">Relevanz von Suffizienz in der Modellierung, Übersicht über die aktuelle Modellierungspraxis und Ableitung methodischer Empfehlungen : Zwischenbericht zu AP 2.1 „Möglichkeiten der Instrumentierung von Energieverbrauchsreduktion durch Verhaltensänderung“</subfield>
    <subfield code="c">von Carina Zell-Ziegler und Dr. Hannah Förster, Öko-Institut e.V., Berlin ; im Auftrag des Umweltbundesamtes</subfield>
  </datafield>
  <datafield tag="264" ind1=" " ind2="1">
    <subfield code="a">Dessau-Roßlau</subfield>
    <subfield code="b">Herausgeber: Umweltbundesamt</subfield>
    <subfield code="c">August 2018</subfield>
  </datafield>
  <datafield tag="300" ind1=" " ind2=" ">
    <subfield code="a">1 Online-Ressource (41 Seiten)</subfield>
  </datafield>
  <datafield tag="336" ind1=" " ind2=" ">
    <subfield code="b">txt</subfield>
  </datafield>
  <datafield tag="337" ind1=" " ind2=" ">
    <subfield code="b">c</subfield>
  </datafield>
  <datafield tag="338" ind1=" " ind2=" ">
    <subfield code="b">cr</subfield>
  </datafield>
  <datafield tag="490" ind1="1" ind2=" ">
    <subfield code="a">Texte / Umweltbundesamt</subfield>
    <subfield code="v">2018, 55</subfield>
  </datafield>
  <datafield tag="035" ind1=" " ind2=" ">
    <subfield code="a">(OCoLC)1076035765</subfield>
  </datafield>
  <datafield tag="035" ind1=" " ind2=" ">
    <subfield code="a">(DE-599)HBZHT019838800</subfield>
  </datafield>
  <datafield tag="024" ind1="7" ind2=" ">
    <subfield code="a">10.4126/FRL01-006410624</subfield>
    <subfield code="2">doi</subfield>
  </datafield>
  <datafield tag="960" ind1="1" ind2=" ">
    <subfield code="i">iall</subfield>
  </datafield>
  <datafield tag="960" ind1="1" ind2=" ">
    <subfield code="r">98: ellinet; GND: (DE-588)2116834-9</subfield>
  </datafield>
  <datafield tag="964" ind1="0" ind2="s">
    <subfield code="F">030</subfield>
    <subfield code="A">a||ur||||||17</subfield>
  </datafield>
  <datafield tag="964" ind1="0" ind2="s">
    <subfield code="F">050</subfield>
    <subfield code="A">||||||||g|||||</subfield>
  </datafield>
  <datafield tag="964" ind1="0" ind2="s">
    <subfield code="F">051</subfield>
    <subfield code="A">sr||||||</subfield>
  </datafield>
  <datafield tag="830" ind1=" " ind2="0">
    <subfield code="a">Texte / Umweltbundesamt</subfield>
    <subfield code="w">(DE-605)HT015775916</subfield>
    <subfield code="v">2018,55</subfield>
    <subfield code="9">O:1</subfield>
  </datafield>
  <datafield tag="856" ind1="4" ind2="0">
    <subfield code="u">https://repository.publisso.de/resource/frl:6410624</subfield>
    <subfield code="x">Langzeitarchivierung</subfield>
  </datafield>
  <datafield tag="700" ind1="1" ind2=" ">
    <subfield code="a">Förster, Hannah</subfield>
    <subfield code="4">aut</subfield>
  </datafield>
  <datafield tag="710" ind1="2" ind2=" ">
    <subfield code="a">Deutschland</subfield>
    <subfield code="b">Umweltbundesamt</subfield>
    <subfield code="0">(DE-588)2116834-9</subfield>
    <subfield code="4">pat</subfield>
    <subfield code="4">isb</subfield>
    <subfield code="0">https://portal.dnb.de/opac.htm?method=simpleSearch&amp;cqlMode=true&amp;query=idn=007642830</subfield>
    <subfield code="0">http://viaf.org/viaf/sourceID/DNB|007642830</subfield>
    <subfield code="B">GND-007642830</subfield>
    <subfield code="B">GND-007642830</subfield>
  </datafield>
  <datafield tag="500" ind1=" " ind2=" ">
    <subfield code="a">"EVUPLAN des Bundesministerium für Wirtschaft und Energie; Forschungskennzahl 37EV 16 124 0"</subfield>
    <subfield code="9">F:501</subfield>
  </datafield>
  <datafield tag="500" ind1=" " ind2=" ">
    <subfield code="a">Aus dem Impressum: "Abschlussdatum: Juli 2018"</subfield>
    <subfield code="9">F:501</subfield>
  </datafield>
  <datafield tag="546" ind1=" " ind2=" ">
    <subfield code="a">Enthält Abstract in englischer Sprache</subfield>
  </datafield>
  <datafield tag="MBD" ind1=" " ind2=" ">
    <subfield code="M">49HBZ_NETWORK</subfield>
    <subfield code="i">990226465800206441</subfield>
    <subfield code="n">HBZ Network</subfield>
  </datafield>
  <datafield tag="MBD" ind1=" " ind2=" ">
    <subfield code="M">49HBZ_ZBM</subfield>
    <subfield code="i">991008847989706472</subfield>
    <subfield code="n">ZB MED</subfield>
  </datafield>
  <datafield tag="MNG" ind1=" " ind2=" ">
    <subfield code="c">System</subfield>
    <subfield code="f">OTHER</subfield>
    <subfield code="i">marc21</subfield>
    <subfield code="h">00000000000000.0</subfield>
    <subfield code="k">01</subfield>
    <subfield code="e">false</subfield>
    <subfield code="d">2023-09-05 04:31:43 Europe/Berlin</subfield>
    <subfield code="g">022646580-HBZ01</subfield>
    <subfield code="j">60</subfield>
    <subfield code="a">import</subfield>
    <subfield code="b">2021-04-05 07:48:42 Europe/Berlin</subfield>
  </datafield>
  <datafield tag="POR" ind1=" " ind2=" ">
    <subfield code="x">System</subfield>
    <subfield code="a">53140965120006472</subfield>
    <subfield code="h">EZProxy</subfield>
    <subfield code="M">49HBZ_ZBM</subfield>
    <subfield code="c">static</subfield>
    <subfield code="y">2023-08-10 18:28:29 Europe/Berlin</subfield>
    <subfield code="w">2023-08-10 18:28:25 Europe/Berlin</subfield>
    <subfield code="D">https://eu04.alma.exlibrisgroup.com/view/uresolver/49HBZ_NETWORK/openurl?u.ignore_date_coverage=true&amp;portfolio_pid=53140965120006472&amp;Force_direct=true</subfield>
    <subfield code="v">P2E_JOB</subfield>
    <subfield code="z">2023-08-10 16:28:25</subfield>
    <subfield code="i">false</subfield>
    <subfield code="S">52140965130006472</subfield>
    <subfield code="d">https://hbz-network.userservices.exlibrisgroup.com/view/uresolver/49HBZ_NETWORK/openurl?u.ignore_date_coverage=true&amp;rft.mms_id=991008847989706472</subfield>
    <subfield code="b">Available</subfield>
    <subfield code="f">BOOK</subfield>
    <subfield code="e">https://repository.publisso.de/resource/frl:6410624</subfield>
    <subfield code="8">53140965120006472</subfield>
  </datafield>
  <datafield tag="GPN" ind1="1" ind2=" ">
    <subfield code="a">Ziegler, Carina Zell-</subfield>
    <subfield code="A">GND</subfield>
    <subfield code="B">GND-1142549178</subfield>
    <subfield code="C">400</subfield>
  </datafield>
  <datafield tag="GSI" ind1="7" ind2=" ">
    <subfield code="a">http://d-nb.info/gnd/1142549178</subfield>
    <subfield code="2">uri</subfield>
    <subfield code="A">GND</subfield>
    <subfield code="B">GND-1142549178</subfield>
    <subfield code="C">024</subfield>
  </datafield>
  <datafield tag="GKT" ind1="2" ind2=" ">
    <subfield code="a">German Environment Agency</subfield>
    <subfield code="A">GND</subfield>
    <subfield code="B">GND-007642830</subfield>
    <subfield code="C">410</subfield>
  </datafield>
  <datafield tag="GKT" ind1="2" ind2=" ">
    <subfield code="a">Umweltbundesamt</subfield>
    <subfield code="g">Deutschland</subfield>
    <subfield code="A">GND</subfield>
    <subfield code="B">GND-007642830</subfield>
    <subfield code="C">410</subfield>
  </datafield>
  <datafield tag="GKT" ind1="2" ind2=" ">
    <subfield code="a">Federal Environmental Agency</subfield>
    <subfield code="g">Deutschland</subfield>
    <subfield code="A">GND</subfield>
    <subfield code="B">GND-007642830</subfield>
    <subfield code="C">410</subfield>
  </datafield>
  <datafield tag="GKT" ind1="2" ind2=" ">
    <subfield code="a">Environmental Agency</subfield>
    <subfield code="g">Deutschland</subfield>
    <subfield code="A">GND</subfield>
    <subfield code="B">GND-007642830</subfield>
    <subfield code="C">410</subfield>
  </datafield>
  <datafield tag="GKT" ind1="2" ind2=" ">
    <subfield code="a">Federal Environment Agency</subfield>
    <subfield code="g">Deutschland</subfield>
    <subfield code="A">GND</subfield>
    <subfield code="B">GND-007642830</subfield>
    <subfield code="C">410</subfield>
  </datafield>
  <datafield tag="GKT" ind1="1" ind2=" ">
    <subfield code="a">Deutschland</subfield>
    <subfield code="b">Environmental Agency</subfield>
    <subfield code="A">GND</subfield>
    <subfield code="B">GND-007642830</subfield>
    <subfield code="C">410</subfield>
  </datafield>
  <datafield tag="GKT" ind1="1" ind2=" ">
    <subfield code="a">Deutschland</subfield>
    <subfield code="b">Federal Environmental Agency</subfield>
    <subfield code="A">GND</subfield>
    <subfield code="B">GND-007642830</subfield>
    <subfield code="C">410</subfield>
  </datafield>
  <datafield tag="GKT" ind1="1" ind2=" ">
    <subfield code="a">Deutschland</subfield>
    <subfield code="b">Vedomstvo po Ochrane Okružajuščej Sredy</subfield>
    <subfield code="A">GND</subfield>
    <subfield code="B">GND-007642830</subfield>
    <subfield code="C">410</subfield>
  </datafield>
  <datafield tag="GKT" ind1="2" ind2=" ">
    <subfield code="a">Federalʹnoe Vedomstvo po Ochrane Okružajuščej Sredy</subfield>
    <subfield code="g">Deutschland</subfield>
    <subfield code="A">GND</subfield>
    <subfield code="B">GND-007642830</subfield>
    <subfield code="C">410</subfield>
  </datafield>
  <datafield tag="GKT" ind1="2" ind2=" ">
    <subfield code="a">Vedomstvo po Ochrane Okružajuščej Sredy</subfield>
    <subfield code="g">Deutschland</subfield>
    <subfield code="A">GND</subfield>
    <subfield code="B">GND-007642830</subfield>
    <subfield code="C">410</subfield>
  </datafield>
  <datafield tag="GKT" ind1="1" ind2=" ">
    <subfield code="a">Deutschland</subfield>
    <subfield code="b">Bundesministerium für Umwelt, Naturschutz und Reaktorsicherheit</subfield>
    <subfield code="b">Umweltbundesamt</subfield>
    <subfield code="A">GND</subfield>
    <subfield code="B">GND-007642830</subfield>
    <subfield code="C">410</subfield>
  </datafield>
  <datafield tag="GKT" ind1="1" ind2=" ">
    <subfield code="a">Deutschland</subfield>
    <subfield code="b">Umweltbundesamt</subfield>
    <subfield code="b">Div.</subfield>
    <subfield code="n">3 2 2</subfield>
    <subfield code="4">spio</subfield>
    <subfield code="i">Spitzenorgan</subfield>
    <subfield code="A">GND</subfield>
    <subfield code="B">GND-007642830</subfield>
    <subfield code="C">410</subfield>
  </datafield>
  <datafield tag="GKT" ind1="1" ind2=" ">
    <subfield code="a">Deutschland</subfield>
    <subfield code="b">Umweltbundesamt</subfield>
    <subfield code="b">Division</subfield>
    <subfield code="n">3 2 2</subfield>
    <subfield code="4">spio</subfield>
    <subfield code="i">Spitzenorgan</subfield>
    <subfield code="A">GND</subfield>
    <subfield code="B">GND-007642830</subfield>
    <subfield code="C">410</subfield>
  </datafield>
  <datafield tag="GKT" ind1="1" ind2=" ">
    <subfield code="a">Deutschland</subfield>
    <subfield code="b">Umweltbundesamt</subfield>
    <subfield code="b">Projektgruppe Nährstoffeinträge in der Nordsee</subfield>
    <subfield code="4">spio</subfield>
    <subfield code="i">Spitzenorgan</subfield>
    <subfield code="A">GND</subfield>
    <subfield code="B">GND-007642830</subfield>
    <subfield code="C">410</subfield>
  </datafield>
  <datafield tag="GKT" ind1="2" ind2=" ">
    <subfield code="a">Federalny Urza̜d Środowiska</subfield>
    <subfield code="g">Deutschland</subfield>
    <subfield code="A">GND</subfield>
    <subfield code="B">GND-007642830</subfield>
    <subfield code="C">410</subfield>
  </datafield>
  <datafield tag="GKT" ind1="1" ind2=" ">
    <subfield code="a">Deutschland</subfield>
    <subfield code="b">Urza̜d Środowiska</subfield>
    <subfield code="A">GND</subfield>
    <subfield code="B">GND-007642830</subfield>
    <subfield code="C">410</subfield>
  </datafield>
  <datafield tag="GKT" ind1="2" ind2=" ">
    <subfield code="a">German Environmental Protection Agency</subfield>
    <subfield code="A">GND</subfield>
    <subfield code="B">GND-007642830</subfield>
    <subfield code="C">410</subfield>
  </datafield>
  <datafield tag="GKT" ind1="1" ind2=" ">
    <subfield code="a">Deutschland</subfield>
    <subfield code="b">Environmental Protection Agency</subfield>
    <subfield code="A">GND</subfield>
    <subfield code="B">GND-007642830</subfield>
    <subfield code="C">410</subfield>
  </datafield>
  <datafield tag="GKT" ind1="2" ind2=" ">
    <subfield code="a">Environmental Protection Agency</subfield>
    <subfield code="g">Deutschland</subfield>
    <subfield code="A">GND</subfield>
    <subfield code="B">GND-007642830</subfield>
    <subfield code="C">410</subfield>
  </datafield>
  <datafield tag="GKT" ind1="1" ind2=" ">
    <subfield code="a">Deutschland</subfield>
    <subfield code="b">Umweltbundesamt</subfield>
    <subfield code="b">Arbeitsgruppe Agenda 21 - Nachhaltige Entwicklung</subfield>
    <subfield code="4">spio</subfield>
    <subfield code="i">Spitzenorgan</subfield>
    <subfield code="A">GND</subfield>
    <subfield code="B">GND-007642830</subfield>
    <subfield code="C">410</subfield>
  </datafield>
  <datafield tag="GKT" ind1="1" ind2=" ">
    <subfield code="a">Deutschland</subfield>
    <subfield code="b">Umweltbundesamt</subfield>
    <subfield code="b">Working Group Agenda 21 - Sustainable Development</subfield>
    <subfield code="4">spio</subfield>
    <subfield code="i">Spitzenorgan</subfield>
    <subfield code="A">GND</subfield>
    <subfield code="B">GND-007642830</subfield>
    <subfield code="C">410</subfield>
  </datafield>
  <datafield tag="GKT" ind1="1" ind2=" ">
    <subfield code="a">Deutschland</subfield>
    <subfield code="b">Umweltbundesamt für Mensch und Umwelt</subfield>
    <subfield code="A">GND</subfield>
    <subfield code="B">GND-007642830</subfield>
    <subfield code="C">410</subfield>
  </datafield>
  <datafield tag="GKT" ind1="2" ind2=" ">
    <subfield code="a">Umweltbundesamt für Mensch und Umwelt</subfield>
    <subfield code="g">Deutschland</subfield>
    <subfield code="A">GND</subfield>
    <subfield code="B">GND-007642830</subfield>
    <subfield code="C">410</subfield>
  </datafield>
  <datafield tag="GKT" ind1="1" ind2=" ">
    <subfield code="a">Deutschland</subfield>
    <subfield code="b">Umweltbundesamt</subfield>
    <subfield code="b">Pressestelle</subfield>
    <subfield code="4">spio</subfield>
    <subfield code="i">Spitzenorgan</subfield>
    <subfield code="A">GND</subfield>
    <subfield code="B">GND-007642830</subfield>
    <subfield code="C">410</subfield>
  </datafield>
  <datafield tag="GKT" ind1="1" ind2=" ">
    <subfield code="a">Deutschland</subfield>
    <subfield code="b">Umweltbundesamt</subfield>
    <subfield code="b">Press Office</subfield>
    <subfield code="4">spio</subfield>
    <subfield code="i">Spitzenorgan</subfield>
    <subfield code="A">GND</subfield>
    <subfield code="B">GND-007642830</subfield>
    <subfield code="C">410</subfield>
  </datafield>
  <datafield tag="GKT" ind1="1" ind2=" ">
    <subfield code="a">Deutschland</subfield>
    <subfield code="b">Umweltbundesamt</subfield>
    <subfield code="b">Referat Umweltaufklärung</subfield>
    <subfield code="4">spio</subfield>
    <subfield code="i">Spitzenorgan</subfield>
    <subfield code="A">GND</subfield>
    <subfield code="B">GND-007642830</subfield>
    <subfield code="C">410</subfield>
  </datafield>
  <datafield tag="GKT" ind1="1" ind2=" ">
    <subfield code="a">Deutschland</subfield>
    <subfield code="b">Umweltbundesamt</subfield>
    <subfield code="b">Schwerbehindertenvertretung</subfield>
    <subfield code="A">GND</subfield>
    <subfield code="B">GND-007642830</subfield>
    <subfield code="C">410</subfield>
  </datafield>
  <datafield tag="GKT" ind1="1" ind2=" ">
    <subfield code="a">Deutschland</subfield>
    <subfield code="b">Umweltbundesamt</subfield>
    <subfield code="b">Abteilung Bodenschutz</subfield>
    <subfield code="4">spio</subfield>
    <subfield code="i">Spitzenorgan</subfield>
    <subfield code="A">GND</subfield>
    <subfield code="B">GND-007642830</subfield>
    <subfield code="C">410</subfield>
  </datafield>
  <datafield tag="GKT" ind1="1" ind2=" ">
    <subfield code="a">Deutschland</subfield>
    <subfield code="b">Umweltbundesamt</subfield>
    <subfield code="b">Abteilung II 3 "Trink- und Badebeckenwasserhygiene"</subfield>
    <subfield code="g">Bad Elster</subfield>
    <subfield code="A">GND</subfield>
    <subfield code="B">GND-007642830</subfield>
    <subfield code="C">410</subfield>
  </datafield>
  <datafield tag="GSI" ind1="7" ind2=" ">
    <subfield code="a">2116834-9</subfield>
    <subfield code="0">http://d-nb.info/gnd/2116834-9</subfield>
    <subfield code="2">gnd</subfield>
    <subfield code="A">GND</subfield>
    <subfield code="B">GND-007642830</subfield>
    <subfield code="C">024</subfield>
  </datafield>
  <datafield tag="GKT" ind1="2" ind2=" ">
    <subfield code="a">German Environment Agency</subfield>
    <subfield code="A">GND</subfield>
    <subfield code="B">GND-007642830</subfield>
    <subfield code="C">410</subfield>
  </datafield>
  <datafield tag="GKT" ind1="2" ind2=" ">
    <subfield code="a">Umweltbundesamt</subfield>
    <subfield code="g">Deutschland</subfield>
    <subfield code="A">GND</subfield>
    <subfield code="B">GND-007642830</subfield>
    <subfield code="C">410</subfield>
  </datafield>
  <datafield tag="GKT" ind1="2" ind2=" ">
    <subfield code="a">Federal Environmental Agency</subfield>
    <subfield code="g">Deutschland</subfield>
    <subfield code="A">GND</subfield>
    <subfield code="B">GND-007642830</subfield>
    <subfield code="C">410</subfield>
  </datafield>
  <datafield tag="GKT" ind1="2" ind2=" ">
    <subfield code="a">Environmental Agency</subfield>
    <subfield code="g">Deutschland</subfield>
    <subfield code="A">GND</subfield>
    <subfield code="B">GND-007642830</subfield>
    <subfield code="C">410</subfield>
  </datafield>
  <datafield tag="GKT" ind1="2" ind2=" ">
    <subfield code="a">Federal Environment Agency</subfield>
    <subfield code="g">Deutschland</subfield>
    <subfield code="A">GND</subfield>
    <subfield code="B">GND-007642830</subfield>
    <subfield code="C">410</subfield>
  </datafield>
  <datafield tag="GKT" ind1="1" ind2=" ">
    <subfield code="a">Deutschland</subfield>
    <subfield code="b">Environmental Agency</subfield>
    <subfield code="A">GND</subfield>
    <subfield code="B">GND-007642830</subfield>
    <subfield code="C">410</subfield>
  </datafield>
  <datafield tag="GKT" ind1="1" ind2=" ">
    <subfield code="a">Deutschland</subfield>
    <subfield code="b">Federal Environmental Agency</subfield>
    <subfield code="A">GND</subfield>
    <subfield code="B">GND-007642830</subfield>
    <subfield code="C">410</subfield>
  </datafield>
  <datafield tag="GKT" ind1="1" ind2=" ">
    <subfield code="a">Deutschland</subfield>
    <subfield code="b">Vedomstvo po Ochrane Okružajuščej Sredy</subfield>
    <subfield code="A">GND</subfield>
    <subfield code="B">GND-007642830</subfield>
    <subfield code="C">410</subfield>
  </datafield>
  <datafield tag="GKT" ind1="2" ind2=" ">
    <subfield code="a">Federalʹnoe Vedomstvo po Ochrane Okružajuščej Sredy</subfield>
    <subfield code="g">Deutschland</subfield>
    <subfield code="A">GND</subfield>
    <subfield code="B">GND-007642830</subfield>
    <subfield code="C">410</subfield>
  </datafield>
  <datafield tag="GKT" ind1="2" ind2=" ">
    <subfield code="a">Vedomstvo po Ochrane Okružajuščej Sredy</subfield>
    <subfield code="g">Deutschland</subfield>
    <subfield code="A">GND</subfield>
    <subfield code="B">GND-007642830</subfield>
    <subfield code="C">410</subfield>
  </datafield>
  <datafield tag="GKT" ind1="1" ind2=" ">
    <subfield code="a">Deutschland</subfield>
    <subfield code="b">Bundesministerium für Umwelt, Naturschutz und Reaktorsicherheit</subfield>
    <subfield code="b">Umweltbundesamt</subfield>
    <subfield code="A">GND</subfield>
    <subfield code="B">GND-007642830</subfield>
    <subfield code="C">410</subfield>
  </datafield>
  <datafield tag="GKT" ind1="1" ind2=" ">
    <subfield code="a">Deutschland</subfield>
    <subfield code="b">Umweltbundesamt</subfield>
    <subfield code="b">Div.</subfield>
    <subfield code="n">3 2 2</subfield>
    <subfield code="4">spio</subfield>
    <subfield code="i">Spitzenorgan</subfield>
    <subfield code="A">GND</subfield>
    <subfield code="B">GND-007642830</subfield>
    <subfield code="C">410</subfield>
  </datafield>
  <datafield tag="GKT" ind1="1" ind2=" ">
    <subfield code="a">Deutschland</subfield>
    <subfield code="b">Umweltbundesamt</subfield>
    <subfield code="b">Division</subfield>
    <subfield code="n">3 2 2</subfield>
    <subfield code="4">spio</subfield>
    <subfield code="i">Spitzenorgan</subfield>
    <subfield code="A">GND</subfield>
    <subfield code="B">GND-007642830</subfield>
    <subfield code="C">410</subfield>
  </datafield>
  <datafield tag="GKT" ind1="1" ind2=" ">
    <subfield code="a">Deutschland</subfield>
    <subfield code="b">Umweltbundesamt</subfield>
    <subfield code="b">Projektgruppe Nährstoffeinträge in der Nordsee</subfield>
    <subfield code="4">spio</subfield>
    <subfield code="i">Spitzenorgan</subfield>
    <subfield code="A">GND</subfield>
    <subfield code="B">GND-007642830</subfield>
    <subfield code="C">410</subfield>
  </datafield>
  <datafield tag="GKT" ind1="2" ind2=" ">
    <subfield code="a">Federalny Urza̜d Środowiska</subfield>
    <subfield code="g">Deutschland</subfield>
    <subfield code="A">GND</subfield>
    <subfield code="B">GND-007642830</subfield>
    <subfield code="C">410</subfield>
  </datafield>
  <datafield tag="GKT" ind1="1" ind2=" ">
    <subfield code="a">Deutschland</subfield>
    <subfield code="b">Urza̜d Środowiska</subfield>
    <subfield code="A">GND</subfield>
    <subfield code="B">GND-007642830</subfield>
    <subfield code="C">410</subfield>
  </datafield>
  <datafield tag="GKT" ind1="2" ind2=" ">
    <subfield code="a">German Environmental Protection Agency</subfield>
    <subfield code="A">GND</subfield>
    <subfield code="B">GND-007642830</subfield>
    <subfield code="C">410</subfield>
  </datafield>
  <datafield tag="GKT" ind1="1" ind2=" ">
    <subfield code="a">Deutschland</subfield>
    <subfield code="b">Environmental Protection Agency</subfield>
    <subfield code="A">GND</subfield>
    <subfield code="B">GND-007642830</subfield>
    <subfield code="C">410</subfield>
  </datafield>
  <datafield tag="GKT" ind1="2" ind2=" ">
    <subfield code="a">Environmental Protection Agency</subfield>
    <subfield code="g">Deutschland</subfield>
    <subfield code="A">GND</subfield>
    <subfield code="B">GND-007642830</subfield>
    <subfield code="C">410</subfield>
  </datafield>
  <datafield tag="GKT" ind1="1" ind2=" ">
    <subfield code="a">Deutschland</subfield>
    <subfield code="b">Umweltbundesamt</subfield>
    <subfield code="b">Arbeitsgruppe Agenda 21 - Nachhaltige Entwicklung</subfield>
    <subfield code="4">spio</subfield>
    <subfield code="i">Spitzenorgan</subfield>
    <subfield code="A">GND</subfield>
    <subfield code="B">GND-007642830</subfield>
    <subfield code="C">410</subfield>
  </datafield>
  <datafield tag="GKT" ind1="1" ind2=" ">
    <subfield code="a">Deutschland</subfield>
    <subfield code="b">Umweltbundesamt</subfield>
    <subfield code="b">Working Group Agenda 21 - Sustainable Development</subfield>
    <subfield code="4">spio</subfield>
    <subfield code="i">Spitzenorgan</subfield>
    <subfield code="A">GND</subfield>
    <subfield code="B">GND-007642830</subfield>
    <subfield code="C">410</subfield>
  </datafield>
  <datafield tag="GKT" ind1="1" ind2=" ">
    <subfield code="a">Deutschland</subfield>
    <subfield code="b">Umweltbundesamt für Mensch und Umwelt</subfield>
    <subfield code="A">GND</subfield>
    <subfield code="B">GND-007642830</subfield>
    <subfield code="C">410</subfield>
  </datafield>
  <datafield tag="GKT" ind1="2" ind2=" ">
    <subfield code="a">Umweltbundesamt für Mensch und Umwelt</subfield>
    <subfield code="g">Deutschland</subfield>
    <subfield code="A">GND</subfield>
    <subfield code="B">GND-007642830</subfield>
    <subfield code="C">410</subfield>
  </datafield>
  <datafield tag="GKT" ind1="1" ind2=" ">
    <subfield code="a">Deutschland</subfield>
    <subfield code="b">Umweltbundesamt</subfield>
    <subfield code="b">Pressestelle</subfield>
    <subfield code="4">spio</subfield>
    <subfield code="i">Spitzenorgan</subfield>
    <subfield code="A">GND</subfield>
    <subfield code="B">GND-007642830</subfield>
    <subfield code="C">410</subfield>
  </datafield>
  <datafield tag="GKT" ind1="1" ind2=" ">
    <subfield code="a">Deutschland</subfield>
    <subfield code="b">Umweltbundesamt</subfield>
    <subfield code="b">Press Office</subfield>
    <subfield code="4">spio</subfield>
    <subfield code="i">Spitzenorgan</subfield>
    <subfield code="A">GND</subfield>
    <subfield code="B">GND-007642830</subfield>
    <subfield code="C">410</subfield>
  </datafield>
  <datafield tag="GKT" ind1="1" ind2=" ">
    <subfield code="a">Deutschland</subfield>
    <subfield code="b">Umweltbundesamt</subfield>
    <subfield code="b">Referat Umweltaufklärung</subfield>
    <subfield code="4">spio</subfield>
    <subfield code="i">Spitzenorgan</subfield>
    <subfield code="A">GND</subfield>
    <subfield code="B">GND-007642830</subfield>
    <subfield code="C">410</subfield>
  </datafield>
  <datafield tag="GKT" ind1="1" ind2=" ">
    <subfield code="a">Deutschland</subfield>
    <subfield code="b">Umweltbundesamt</subfield>
    <subfield code="b">Schwerbehindertenvertretung</subfield>
    <subfield code="A">GND</subfield>
    <subfield code="B">GND-007642830</subfield>
    <subfield code="C">410</subfield>
  </datafield>
  <datafield tag="GKT" ind1="1" ind2=" ">
    <subfield code="a">Deutschland</subfield>
    <subfield code="b">Umweltbundesamt</subfield>
    <subfield code="b">Abteilung Bodenschutz</subfield>
    <subfield code="4">spio</subfield>
    <subfield code="i">Spitzenorgan</subfield>
    <subfield code="A">GND</subfield>
    <subfield code="B">GND-007642830</subfield>
    <subfield code="C">410</subfield>
  </datafield>
  <datafield tag="GKT" ind1="1" ind2=" ">
    <subfield code="a">Deutschland</subfield>
    <subfield code="b">Umweltbundesamt</subfield>
    <subfield code="b">Abteilung II 3 "Trink- und Badebeckenwasserhygiene"</subfield>
    <subfield code="g">Bad Elster</subfield>
    <subfield code="A">GND</subfield>
    <subfield code="B">GND-007642830</subfield>
    <subfield code="C">410</subfield>
  </datafield>
  <datafield tag="GSI" ind1="7" ind2=" ">
    <subfield code="a">2116834-9</subfield>
    <subfield code="0">http://d-nb.info/gnd/2116834-9</subfield>
    <subfield code="2">gnd</subfield>
    <subfield code="A">GND</subfield>
    <subfield code="B">GND-007642830</subfield>
    <subfield code="C">024</subfield>
  </datafield>
  <datafield tag="GPN" ind1="1" ind2=" ">
    <subfield code="a">Ziegler, Carina Zell-</subfield>
    <subfield code="A">GND</subfield>
    <subfield code="B">GND-1142549178</subfield>
    <subfield code="C">400</subfield>
  </datafield>
  <datafield tag="GSI" ind1="7" ind2=" ">
    <subfield code="a">http://d-nb.info/gnd/1142549178</subfield>
    <subfield code="2">uri</subfield>
    <subfield code="A">GND</subfield>
    <subfield code="B">GND-1142549178</subfield>
    <subfield code="C">024</subfield>
  </datafield>
</record>
